@book{Israelachvili2011,
author = {Israelachvili, Jacob N.},
title = {Intermolecular and Surface Forces},
edition = {3rd},
year = {2011},
publisher = {Academic Press},
address = {Burlington, MA},
ISBN = {0123751829},
language = {eng},
}

@book{RowlinsonWidom1982,
author = {Rowlinson, J. S. and Widom, B.},
title = {Molecular theory of capillarity},
year = {1982},
publisher = {Clarendon Press},
address = {Oxford, Oxfordshire},
ISBN = {0198556128},
language = {eng},
}

